@misc{tensorflow2015-whitepaper,
title={ {TensorFlow}: Large-Scale Machine Learning on Heterogeneous Systems},
url={https://www.tensorflow.org/},
note={Software available from tensorflow.org},
author={
    Mart\'{i}n~Abadi and
    Ashish~Agarwal and
    Paul~Barham and
    Eugene~Brevdo and
    Zhifeng~Chen and
    Craig~Citro and
    Greg~S.~Corrado and
    Andy~Davis and
    Jeffrey~Dean and
    Matthieu~Devin and
    Sanjay~Ghemawat and
    Ian~Goodfellow and
    Andrew~Harp and
    Geoffrey~Irving and
    Michael~Isard and
    Yangqing Jia and
    Rafal~Jozefowicz and
    Lukasz~Kaiser and
    Manjunath~Kudlur and
    Josh~Levenberg and
    Dandelion~Man\'{e} and
    Rajat~Monga and
    Sherry~Moore and
    Derek~Murray and
    Chris~Olah and
    Mike~Schuster and
    Jonathon~Shlens and
    Benoit~Steiner and
    Ilya~Sutskever and
    Kunal~Talwar and
    Paul~Tucker and
    Vincent~Vanhoucke and
    Vijay~Vasudevan and
    Fernanda~Vi\'{e}gas and
    Oriol~Vinyals and
    Pete~Warden and
    Martin~Wattenberg and
    Martin~Wicke and
    Yuan~Yu and
    Xiaoqiang~Zheng},
  year={2015},
}
@misc{Bangar2020,
  author = {Siddhesh Bangar},
  title = {VGG Net Architecture Explained},
  year = {2022},
  url = {https://medium.com/@siddheshb008/vgg-net-architecture-explained-71179310050f},
  note = {Accessed: 2024-07-03}
}

@article{He2015DeepRL,
  title={Deep Residual Learning for Image Recognition},
  author={Kaiming He and X. Zhang and Shaoqing Ren and Jian Sun},
  journal={2016 IEEE Conference on Computer Vision and Pattern Recognition (CVPR)},
  year={2015},
  pages={770-778},
  url={https://api.semanticscholar.org/CorpusID:206594692}
}

@article{Krizhevsky+2017,
author = {Krizhevsky, Alex and Sutskever, Ilya and Hinton, Geoffrey E.},
title = {ImageNet classification with deep convolutional neural networks},
year = {2017},
issue_date = {June 2017},
publisher = {Association for Computing Machinery},
address = {New York, NY, USA},
volume = {60},
number = {6},
issn = {0001-0782},
url = {https://doi.org/10.1145/3065386},
doi = {10.1145/3065386},
journal = {Commun. ACM},
month = {may},
pages = {84â€“90},
numpages = {7}
}

@article{pedregosa2011scikit,
  title={Scikit-learn: Machine learning in Python},
  author={Pedregosa, Fabian and Varoquaux, Ga{\"e}l and Gramfort, Alexandre and Michel, Vincent and Thirion, Bertrand and Grisel, Olivier and Blondel, Mathieu and Prettenhofer, Peter and Weiss, Ron and Dubourg, Vincent and others},
  journal={Journal of machine learning research},
  volume={12},
  number={Oct},
  pages={2825--2830},
  year={2011}
}

@inproceedings{zhifei2017cvpr,
  title={Age Progression/Regression by Conditional Adversarial Autoencoder},
  author={Zhang, Zhifei and Song, Yang and Qi, Hairong},
  booktitle={IEEE Conference on Computer Vision and Pattern Recognition (CVPR)},
  year={2017},
  organization={IEEE}
}